@Comment References file
@Comment Seperate into sections such as background and related work.

@Comment BACKGROUND

@Book{shearer1967introduction,
  author    = {Shearer, J. Lowen and Murphy, Arthur T. and Richardson, Herbert H.},
  title        = {Introduction to System Dynamics},
  publisher    = {Addison Wesley Publishing Company, Inc},
  year 	       = 1967,
  abstract     = {Quick description of contents of reference and
                  purpose for citing it.}
}
                  
@Comment RELATED WORK

@article{mermin1989s,
  title={Whatâ€™s wrong with these equations},
  author={Mermin, Nathaniel David},
  journal={Physics Today},
  volume={42},
  number={10},
  pages={9},
  year={1989}
}
